@misc{gymnasium2023,
  title  = {Gymnasium CarRacing Environment},
  author = {Farama Foundation},
  year   = {2023},
  url    = {https://gymnasium.farama.org/environments/box2d/car_racing/}
}

@misc{feedback_linearization2021,
  title  = {Feedback Linearization of Car Dynamics for Racing via Reinforcement Learning},
  author = {Sida Li and Michael Estrada and Xiangyu Cai},
  year   = {2021},
  url    = {https://arxiv.org/abs/2110.10441},
  note   = {Final research paper for Berkeley's CS 285 (Deep Reinforcement Learning) in Fall 2020}
}